
%Textbook
@book{tanenbaum_text06,
	 author = {Tanenbaum, Andrew S. and Steen, Maarten van},
	 title = {Distributed Systems: Principles and Paradigms (2nd Edition)},
	 year = {2006},
	 isbn = {0132392275},
	 publisher = {Prentice-Hall, Inc.},
	 address = {Upper Saddle River, NJ, USA},
}



%A note on distributed computing
@techreport{waldo_note94,
	 author = {Kendall, Samuel C. and Waldo, Jim and Wollrath, Ann and Wyant, Geoff},
	 title = {A Note on Distributed Computing},
	 year = {1994},
	 publisher = {Sun Microsystems, Inc.},
	 address = {Mountain View, CA, USA},
}



%GFS
@article{ghemawat_sigops03,
	 author = {Ghemawat, Sanjay and Gobioff, Howard and Leung, Shun-Tak},
	 title = {The Google File System},
	 journal = {SIGOPS Oper. Syst. Rev.},
	 volume = {37},
	 number = {5},
	 year = {2003},
	 issn = {0163-5980},
	 pages = {29--43},
	 doi = {http://doi.acm.org/10.1145/1165389.945450},
	 publisher = {ACM},
	 address = {New York, NY, USA},
}

%Ceph
@conference{weil_osdi06,
  title={{Ceph: A scalable, high-performance distributed file system}},
  author={Weil, S.A. and Brandt, S.A. and Miller, E.L. and Long, D.D.E. and Maltzahn, C.},
  booktitle={Proceedings of the 7th Symposium on Operating Systems Design and Implementation (OSDI)},
  year={2006}
}

%Bigtable
@conference{chang_osdi06,
  title={{Bigtable: A distributed storage system for structured data}},
  author={Chang, F. and Dean, J. and Ghemawat, S. and Hsieh, W.C. and Wallach, D.A. and Burrows, M. and Chandra, T. and Fikes, A. and Gruber, R.E.},
  booktitle={Proceedings of the 7th USENIX Symposium on Operating Systems Design and Implementation (OSDI’06)},
  year={2006}
}

%Journaling
@conference{seltzer_atc00,
  title={{Journaling versus soft updates: Asynchronous meta-data protection in file systems}},
  author={Seltzer, M.I. and Ganger, G.R. and McKusick, M.K. and Smith, K.A. and Soules, C.A.N. and Stein, C.A.},
  booktitle={USENIX Annual Technical Conference},
  volume={1},
  year={2000}
}

%HDFS
@article{borthakur_hdfs09,
    author = {Borthakur, Dhruba},
    posted-at = {2009-12-03 09:01:35},
    title = {The Hadoop Distributed File System: Architecture and Design},
    year = {2009}
}
